@article{BHS09,
  title={Beyond the data deluge},
  author={Bell, Gordon and Hey, Tony and Szalay, Alex},
  journal={Science},
  volume={323},
  number={5919},
  pages={1297--1298},
  year={2009},
  publisher={American Association for the Advancement of Science}
}

@inproceedings{Ba+24,
 author = {Natália Banhara and Geomar Schreiner and Samuel Feitosa and Denio Duarte},
 title = { Enumeration, Tagged Unions, Tuples, and Collections: A Novel Approach to Extracting {JSON} Schema},
 booktitle = {Anais do XXXIX Simpósio Brasileiro de Bancos de Dados},
 location = {Florianópolis/SC},
 year = {2024},
 keywords = {},
 issn = {2763-8979},
 pages = {234--246},
 publisher = {SBC},
 address = {Porto Alegre, RS, Brasil},
 doi = {10.5753/sbbd.2024.240239},
 url = {https://sol.sbc.org.br/index.php/sbbd/article/view/30696}
}


@article{Ke+22,
  title={A survey on semantic schema discovery},
  author={Kellou-Menouer, Kenza and Kardoulakis, Nikolaos and Troullinou, Georgia and Kedad, Zoubida and Plexousakis, Dimitris and Kondylakis, Haridimos},
  journal={The VLDB Journal},
  volume={31},
  number={4},
  pages={675--710},
  year={2022},
  publisher={Springer}
}

@inproceedings{Pezoa16,
author = {Pezoa, Felipe and Reutter, Juan L. and Suarez, Fernando and Ugarte, Mart\'{\i}n and Vrgo\v{c}, Domagoj},
title = {Foundations of JSON Schema},
year = {2016},
isbn = {9781450341431},
booktitle = {International World Wide Web Conferences},
url = {https://doi.org/10.1145/2872427.2883029},
doi = {10.1145/2872427.2883029},
location = {Montr\'{e}al, Qu\'{e}bec, Canada},
series = {WWW '16}
}

@inproceedings{BoD07,
  title={Assisting {XML} Schema Evolution that Preserve Validity},
  author={Bouchou, B{\'e}atrice and Duarte, Denio},
  booktitle={Brazilian Database Symposium},
  pages={270--284},
  year={2007}
}
@inproceedings{bourhis2017json,
	title={{JSON}: data model, query languages and schema specification},
	author={Bourhis, Pierre and Reutter, Juan L and Su{\'a}rez, Fernando and Vrgo{\v{c}}, Domagoj},
	booktitle={Proceedings of the 36th ACM SIGMOD-SIGACT },
	year={2017}
}


@inproceedings{Nam21,
  title={Enhancing {JSON} Schema Discovery by Uncovering Hidden Data.},
  author={Namba, Justin},
  booktitle={VLDB 2021 PhD Workshop},
  year={2021}
}
%
@inproceedings{Sp+21,
  title={Reducing ambiguity in {JSON} schema discovery},
  author={Spoth, William and Kennedy, Oliver and Lu, Ying and Hammerschmidt, Beda and Liu, Zhen Hua},
  booktitle={Proceedings of the 2021 SIGMOD},
  year={2021}
}

@inproceedings{frozza2018approach,
  title={An approach for schema extraction of {JSON} and extended {JSON} document collections},
  author={Frozza, Angelo Augusto and dos Santos Mello, Ronaldo and da Costa, Felipe de Souza},
  booktitle={IRI},
  year={2018},
  organization={IEEE}
}

@article{baazizi2019parametric,
  title={Parametric schema inference for massive {JSON} datasets},
  author={Baazizi, Mohamed-Amine and Colazzo, Dario and Ghelli, Giorgio and Sartiani, Carlo},
  journal={The VLDB Journal},
  volume={28},
  pages={497--521},
  year={2019},
  publisher={Springer}
}

@inproceedings{abdelhedi2021automatic,
  title={Automatic Extraction of a Document-oriented NoSQL Schema.},
  author={Abdelhedi, Fatma and Brahim, Amal Ait and Rajhi, Hela and Ferhat, Rabah Tighilt and Zurfluh, Gilles},
  booktitle={ICEIS (1)},
  pages={192--199},
  year={2021}
}

@inproceedings{thilagam2022clustvariants,
  title={ClustVariants: An Approach for Schema Variants Extraction from {JSON} Document Collections},
  author={Thilagam, P Santhi and others},
  booktitle={2022 IEEE IAS Global Conference on Emerging Technologies (GlobConET)},
  pages={515--520},
  year={2022},
  organization={IEEE}
}
@article{klessinger2022extracting,
      title={Extracting {JSON} Schemas with Tagged Unions}, 
      author={Stefan Klessinger and Meike Klettke and Uta Störl and Stefanie Scherzinger},
      year={2023},
      journal={arXiv preprint arXiv:2306.07085}
}

@article{peng2011using,
  title={Using JSON for data exchanging in web service applications},
  author={Peng, Dunlu and Cao, Lidong and Xu, Wenjie},
  journal={Journal of Computational Information Systems},
  volume={7},
  number={16},
  pages={5883--5890},
  year={2011}
}

@inproceedings{maiwald2019real,
  title={What are real JSON schemas like?},
  author={Maiwald, Benjamin and Riedle, Benjamin and Scherzinger, Stefanie},
  booktitle={International Conference on Conceptual Modeling},
  pages={95--105},
  year={2019},
  organization={Springer}
}

@inproceedings{canovas2013discovering,
  title={Discovering implicit schemas in JSON data},
  author={C{\'a}novas Izquierdo, Javier Luis and Cabot, Jordi},
  booktitle={Web Engineering: 13th International Conference, ICWE 2013, Aalborg, Denmark, July 8-12, 2013. Proceedings 13},
  pages={68--83},
  year={2013},
  organization={Springer}
}
